Copy the shit out of the ones already here and use \cite{...} where ... is the first parameter (i.e. eeds-compendium).

@misc{example,
    author          =   "Cristea",
    title           =   "How to train your goose",
    institution     =   "Pockets",
    howpublished    =   "Pidgeon"
}

@manual{efm32gg,
    author          =   "Silicon Laboratories Inc.",
    title           =   "EFM32GG Reference Manual"
}

@misc{assignment,
    author         =   "TDT4295 Couse Staff 2014",
    title          =   "Assignment text",
    howpublished   =   "\url{http://www.idi.ntnu.no/emner/tdt4295/_media/assignment-text-2014.pdf}"
}

@misc{EFM32 Datasheet,
    author          =   "Silicon Laboratories Inc.",
    title			=	"EFM32gg990 datasheet",
    howpublished 	=	"\url{http://www.silabs.com/Support%20Documents/TechnicalDocs/EFM32GG990.pdf}"
}